@misc{volume_computing,
	title = {{Volume (computing) - Wikipedia}},
	url = {\url{https://en.wikipedia.org/wiki/Volume_(computing)}}
}
@misc{firststep1,
	title = {{UEFI Programming - First Steps}},
	url = {\url{http://x86asm.net/articles/uefi-programming-first-steps/index.html}}
}
@misc{introduction1,
	title = {{Introduction of UEFI}},
	url = {\url{http://x86asm.net/articles/introduction-to-uefi/index.html}}
}
@misc{hellouefi1,
	title = {{Programming for EFI: Creating a "Hello, World" Program}},
	url = {\url{https://www.rodsbooks.com/efi-programming/hello.html}}
}
@misc{uefi_spec,
	title = {{Specification: Unified Extensible Firmware Interface Forum}},
	url = {\url{https://uefi.org/specifications}}
}
@misc{goodbyegnuefi,
	title = {{Goodbye Gnu-EFI!}},
	url = {\url{https://dvdhrm.github.io/2019/01/31/goodbye-gnuefi/}},
}
@misc{ovmfpkg,
	title = {{edk2/OvmfPkg at master · tianocore/edk2}},
	url = {\url{https://github.com/tianocore/edk2/tree/master/OvmfPkg}},
}
@misc{uefios1,
	title = {{フルスクラッチで作る!UEFIベアメタルプログラミング}},
	url = {\url{http://yuma.ohgami.jp/UEFI-Bare-Metal-Programming/}},
}
@misc{uefios2,
	title = {{フルスクラッチで作る!UEFIベアメタルプログラミング パート2}},
	url = {\url{http://yuma.ohgami.jp/UEFI-Bare-Metal-Programming-2/}},
}
@misc{osdev1,
	title = {{EDK II で UEFI アプリケーションを作る - osdev-jp core docs 1.0 ドキュメント}},
	url = {\url{https://osdev-jp.readthedocs.io/ja/latest/2017/create-uefi-app-with-edk2.html}},
}
@misc{wikibooks1,
	title = {{UEFIアプリケーションの書き方/Hello Worldプログラム - Wikibooks}},
	url = {\url{https://ja.wikibooks.org/wiki/UEFI%E3%82%A2%E3%83%97%E3%83%AA%E3%82%B1%E3%83%BC%E3%82%B7%E3%83%A7%E3%83%B3%E3%81%AE%E6%9B%B8%E3%81%8D%E6%96%B9/Hello_World%E3%83%97%E3%83%AD%E3%82%B0%E3%83%A9%E3%83%A0}}
}
@misc{uefistart1,
	title = {{UEFIアプリケーションのはじめかた}},
	url = {\url{https://orumin.blogspot.com/2014/12/uefi.html}},
}
@misc{wotoolchain,
	title = {{ツールキットを使わずに UEFI アプリケーションの Hello World! を作る - 品川高廣（東京大学）のブログ}},
	url = {\url{https://shina-ecc.hatenadiary.org/entry/20140819/1408434995}}
}
@misc{edk2,
	title = {{tianocore/edk2: EDK II}},
	url = {\url{https://github.com/tianocore/edk2}},
}
@misc{gnuefi,
	title = {{gnu-efi download | SourceForge.net}},
	url = {\url{https://sourceforge.net/projects/gnu-efi/}}
}